@article{bel05,
	author = {I. Bell},
	journal = {Manufacturing Engineer},
	title = {The future of control [programmable automation controllers]},
	year = {2005},
	month = {Aug},
	volume = {84},
	number = {4},
	pages = {36-39},
	doi = {10.1049/me:20050406},
	ISSN = {0956-9944},
}

@techreport{opt08,
	author = {},
	title = {Understanding Programmable Automation Controllers (PACs) in Industrial Automation},
	year = {2008},
	institution = {Opto 22},
	number = {1634},
}

@book{par99,
	Author = {E. A. Parr},
	Title = {Industrial Control Handbook},
	Publisher = {Industrial Press, Inc.},
	Year = {1999},
	ISBN = {0831130857},
}

@misc{pay13,
	author = {Jeff Payne},
	title = {PLC vs. PAC},
	jear = {2013},
	url = {http://www.controleng.com/single-article/plc-vs-pac/},
	note = {Accessed: 27.04.2015}
}